Plačiau apie šaltinių tipus ir jų atributus:
http://mirror.datacenter.by/pub/mirrors/CTAN/macros/latex/contrib/biblatex/doc/biblatex.pdf#subsection.2.1

%Ką daryti, kai nėra autoriaus
@misc{statista.com,
    title={Number of smartphone users worldwide from 2014 to 2020 (in billions)},
    howpublished={\url{https://www.statista.com/statistics/330695/number-of-smartphone-users-worldwide/}},
    year={2017}, 
    langid={english},
}

@misc{compuware.com,
    title={Statistics on user app usage},
    howpublished={\url{https://www.compuware.com}},
    year={2013}, 
    langid={english},
}

@misc{adobe.com,
    title={Adobe photoshop products},
    howpublished={\url{http://www.adobe.com/lt/creativecloud/photography.html}},
    year={2017}, 
    langid={english},
}

@misc{android_bugs,
   title={GoogleCode Android open issues},
   howpublished={\url{https://source.android.com/source/report-bugs}},
   year={2017},
   langid={english},
}

@misc{samsung_s8,
   title={Samsung galaxy S8+ specs},
   howpublished={\url{http://www.gsmarena.com/samsung_galaxy_s8+-8523.php}},
   year={2017},
   langid={english},
}

@misc{intel_i9,
   title={intel core i9-7980XE specifications},
   howpublished={\url{https://www.intel.com/content/www/us/en/products/processors/core/x-series/i9-7980xe.html}},
   year={2017},
   langid={english},
}

@misc{TMMi,
   title={TMMi model. Levels},
   howpublished={\url{https://www.tmmi.org/tmmi-model/}},
   year={2017},
   langid={english},
}

@misc{agile,
   title={Agile manifestas},
   howpublished={http://agilemanifesto.org/iso/lt/manifesto.html}},
   year={2001},
   langid={lithuanian},
}

@inproceedings{Muccini:2012:STM:2663608.2663615,
 author = {Muccini, Henry and Di Francesco, Antonio and Esposito, Patrizio},
 title = {Software Testing of Mobile Applications: Challenges and Future Research Directions},
 booktitle = {Proceedings of the 7th International Workshop on Automation of Software Test},
 series = {AST '12},
 year = {2012},
 isbn = {978-1-4673-1822-8},
 location = {Zurich, Switzerland},
 pages = {29--35},
 numpages = {7},
 url = {http://dl.acm.org/citation.cfm?id=2663608.2663615},
 acmid = {2663615},
 publisher = {IEEE Press},
 address = {Piscataway, NJ, USA},
}

@inproceedings{Satyanarayanan:1996:FCM:248052.248053,
 author = {Satyanarayanan, M.},
 title = {Fundamental Challenges in Mobile Computing},
 booktitle = {Proceedings of the Fifteenth Annual ACM Symposium on Principles of Distributed Computing},
 series = {PODC '96},
 year = {1996},
 isbn = {0-89791-800-2},
 location = {Philadelphia, Pennsylvania, USA},
 pages = {1--7},
 numpages = {7},
 url = {http://doi.acm.org/10.1145/248052.248053},
 doi = {10.1145/248052.248053},
 acmid = {248053},
 publisher = {ACM},
 address = {New York, NY, USA},
} 

@INPROCEEDINGS{6496451, 
author={B. Kirubakaran and V. Karthikeyani}, 
booktitle={2013 International Conference on Pattern Recognition, Informatics and Mobile Engineering}, 
title={Mobile application testing 2014; Challenges and solution approach through automation}, 
year={2013}, 
pages={79-84}, 
keywords={mobile computing;operating systems (computers);program testing;OS version;Web application;mobile application development;mobile application landscape;mobile application testing;operating systems;testing approach;Automation;Mobile communication;Mobile computing;Performance evaluation;Smart phones;Testing;automation;mobile applications;software testing}, 
doi={10.1109/ICPRIME.2013.6496451}, 
month={Feb},}

@book{Burnstein:2010:PST:1965566,
 author = {Burnstein, Ilene},
 title = {Practical Software Testing: A Process-Oriented Approach},
 year = {2010},
 isbn = {1441928855, 9781441928856},
 edition = {1st},
 publisher = {Springer Publishing Company, Incorporated},
} 

@article{Paulk:1993:CMM:624600.625307,
 author = {Paulk, Mark C. and Curtis, Bill and Chrissis, Mary Beth and Weber, Charles V.},
 title = {Capability Maturity Model, Version 1.1},
 journal = {IEEE Softw.},
 issue_date = {July 1993},
 volume = {10},
 number = {4},
 month = jul,
 year = {1993},
 issn = {0740-7459},
 pages = {18--27},
 numpages = {10},
 url = {http://dx.doi.org/10.1109/52.219617},
 doi = {10.1109/52.219617},
 acmid = {625307},
 publisher = {IEEE Computer Society Press},
 address = {Los Alamitos, CA, USA},
 keywords = {capability maturity model, process-improvement, software engineering, software maintenance, software quality, software-development},
} 
